@misc{lecture:inclass,
author = {Kevin D. McGrath},
title = {CS 373},
howpublished = {Canvas},
month = {},
year = {},
note = {(Accessed on 01/15/2018)}
}
