@misc{Analysis26:online,
author = {},
title = {Analysis of Chinese attack against Korean banks},
howpublished = {\url{https://blog.avast.com/2013/03/19/analysis-of-chinese-attack-against-korean-banks/}},
month = {},
year = {},
note = {(Accessed on 01/16/2018)}
}